%% This BibTeX bibliography file was created using BibDesk.
%% http://bibdesk.sourceforge.net/


%% Created for lisa goldberg at 2018-01-18 10:51:13 -0800 


%% Saved with string encoding Unicode (UTF-8) 



@unpublished{goldberg2018,
	Author = {Lisa Goldberg and Alex Papanicolaou and Alex Shkolnik},
	Date-Added = {2018-01-18 18:50:28 +0000},
	Date-Modified = {2018-01-18 18:51:12 +0000},
	Note = {CDAR working paper},
	Title = {The Dispersion Bias},
	Year = {2018}}

@unpublished{morozov2012,
	Author = {Andrei Morozov and Jun Wang and Laszlo Borda and Jose Menchero},
	Date-Added = {2017-12-24 17:13:04 +0000},
	Date-Modified = {2017-12-24 17:19:42 +0000},
	Month = {January},
	Note = {MSCI Barra model documentation},
	Title = {The Barra Global Equity Model (GEM3)},
	Year = {2012}}

@article{goldberg2014,
	Author = {Lisa Goldberg and Ran Leshem and Patrick Geddes},
	Date-Added = {2017-12-23 00:30:06 +0000},
	Date-Modified = {2017-12-23 00:32:05 +0000},
	Journal = {Journal of Investment Management},
	Number = {2},
	Pages = {32--39},
	Title = {Restoring value to minimum variance},
	Volume = {12},
	Year = {2014}}

@article{bun2016,
	Author = {Bun, J and Bouchaud, JP and Potters, M},
	Journal = {Risk Magazine},
	Title = {Cleaning correlation matrices},
	Year = {2016}}

@article{demiguel2007,
	Author = {DeMiguel, Victor and Garlappi, Lorenzo and Uppal, Raman},
	Journal = {The review of Financial studies},
	Number = {5},
	Pages = {1915--1953},
	Publisher = {Oxford University Press},
	Title = {Optimal versus naive diversification: How inefficient is the 1/N portfolio strategy?},
	Volume = {22},
	Year = {2007}}

@article{sloan1996,
	Author = {Sloan, Richard G.},
	Date-Added = {2017-10-29 01:32:21 +0000},
	Date-Modified = {2017-10-29 01:34:55 +0000},
	Journal = {The Accounting Review},
	Number = {3},
	Pages = {289--315},
	Title = {Do stocks fully reflect information in accruals and cash flows about future earnings?},
	Volume = {71},
	Year = {1996}}

@article{carhart1997,
	Author = {Mark Carhart},
	Date-Added = {2017-10-28 22:58:18 +0000},
	Date-Modified = {2017-10-28 23:00:29 +0000},
	Journal = {The Journal of Finance},
	Number = {1},
	Pages = {57--82},
	Title = {On persistence in mutual fund performance},
	Volume = {52},
	Year = {1997}}

@article{basu1983,
	Author = {Sanjoy Basu},
	Date-Added = {2017-10-28 22:23:51 +0000},
	Date-Modified = {2017-10-31 16:13:26 +0000},
	Journal = {Journal of Financial Economics},
	Pages = {129--156},
	Title = {The relationship between earnings' yield, market value and return for NYSE common stocks},
	Volume = {12},
	Year = {1983}}

@article{banz1981,
	Author = {Banz, Rolf W.},
	Date-Added = {2017-10-28 22:18:47 +0000},
	Date-Modified = {2017-10-28 22:20:39 +0000},
	Journal = {Journal of Financial Economics},
	Pages = {3--18},
	Title = {The relationship between return and market value of common stock},
	Volume = {9},
	Year = {1981}}

@incollection{black1972,
	Author = {Black, Fischer and Michael C. Jensen and Myron Scholes},
	Booktitle = {Studies in the Theory of Capital Markets},
	Date-Added = {2017-10-28 22:12:47 +0000},
	Date-Modified = {2017-10-28 22:15:00 +0000},
	Editor = {Michael C. Jensen},
	Publisher = {Praeger},
	Title = {The Capital Asset Pricing Model: some empirical tests},
	Year = {1972}}

@article{blume1975,
	Author = {Marshall E. Blume},
	Date-Added = {2017-10-18 01:07:46 +0000},
	Date-Modified = {2017-10-18 01:09:00 +0000},
	Journal = {The Journal of Finance},
	Number = {3},
	Pages = {785--795},
	Title = {Betas and their regression tendencies},
	Volume = {30},
	Year = {1975}}

@article{vasicek1973,
	Author = {Oldrich A. Vasicek},
	Date-Added = {2017-10-18 01:05:09 +0000},
	Date-Modified = {2017-10-18 01:07:35 +0000},
	Journal = {The Journal of Finance},
	Number = {5},
	Pages = {1233--1239},
	Title = {A note on using cross-sectional information in Bayesian estimation of security betas},
	Volume = {28},
	Year = {1973}}

@article{ledoit2003,
	Author = {Ledoit, Olivier and Wolf, Michael},
	Journal = {Journal of empirical finance},
	Number = {5},
	Pages = {603--621},
	Publisher = {Elsevier},
	Title = {Improved estimation of the covariance matrix of stock returns with an application to portfolio selection},
	Volume = {10},
	Year = {2003}}

@article{demiguel2009,
	Author = {DeMiguel, Victor and Garlappi, Lorenzo and Nogales, Francisco J and Uppal, Raman},
	Journal = {Management Science},
	Number = {5},
	Pages = {798--812},
	Publisher = {INFORMS},
	Title = {A generalized approach to portfolio optimization: Improving performance by constraining portfolio norms},
	Volume = {55},
	Year = {2009}}

@article{goldfarb2003,
	Author = {Goldfarb, Donald and Iyengar, Garud},
	Journal = {Mathematics of operations research},
	Number = {1},
	Pages = {1--38},
	Publisher = {INFORMS},
	Title = {Robust portfolio selection problems},
	Volume = {28},
	Year = {2003}}

@article{fan2013,
	Author = {Fan, Jianqing and Liao, Yuan and Mincheva, Martina},
	Journal = {Journal of the Royal Statistical Society: Series B (Statistical Methodology)},
	Number = {4},
	Pages = {603--680},
	Publisher = {Wiley Online Library},
	Title = {Large covariance estimation by thresholding principal orthogonal complements},
	Volume = {75},
	Year = {2013}}

@article{fan2008,
	Author = {Fan, Jianqing and Fan, Yingying and Lv, Jinchi},
	Journal = {Journal of Econometrics},
	Number = {1},
	Pages = {186--197},
	Publisher = {Elsevier},
	Title = {High dimensional covariance matrix estimation using a factor model},
	Volume = {147},
	Year = {2008}}

@article{ledoit2004,
	Author = {Ledoit, Oliver and Michael Wolf},
	Date-Added = {2017-10-01 15:36:56 +0000},
	Date-Modified = {2017-10-01 15:43:45 +0000},
	Journal = {The Journal of Portfolio Management},
	Pages = {110--119},
	Title = {Honey, I shrunk the sample covariance matrix},
	Volume = {30},
	Year = {2004}}

@article{frost1986,
	Author = {Frost, Peter A and Savarino, James E},
	Journal = {Journal of Financial and Quantitative Analysis},
	Number = {3},
	Pages = {293--305},
	Publisher = {Cambridge University Press},
	Title = {An empirical Bayes approach to efficient portfolio selection},
	Volume = {21},
	Year = {1986}}

@article{gillen2014,
	Author = {Gillen, Benjamin J},
	Journal = {Journal of Empirical Finance},
	Pages = {402--420},
	Publisher = {Elsevier},
	Title = {An empirical Bayesian approach to stein-optimal covariance matrix estimation},
	Volume = {29},
	Year = {2014}}

@article{pastor2000,
	Author = {P{\'a}stor, L'ubo{\v{s}}},
	Journal = {The Journal of Finance},
	Number = {1},
	Pages = {179--223},
	Publisher = {Wiley Online Library},
	Title = {Portfolio selection and asset pricing models},
	Volume = {55},
	Year = {2000}}

@article{ledoit2011,
	Author = {Ledoit, Oliver and Sandrine P\'ech\'e},
	Date-Added = {2017-10-01 15:31:20 +0000},
	Date-Modified = {2017-10-01 15:33:57 +0000},
	Journal = {Probability Theory and Related Fields},
	Number = {1--2},
	Pages = {233--264},
	Title = {Eigenvectors of some large sample covariance matix ensembles},
	Volume = {151},
	Year = {2011}}

@article{connor1995,
	Author = {Gregory Connor},
	Date-Added = {2017-10-01 15:08:05 +0000},
	Date-Modified = {2017-10-01 15:09:22 +0000},
	Journal = {Financial Analysts Journal},
	Number = {3},
	Pages = {42--46},
	Title = {The three types of factor models: A comparison of their explanatory power},
	Volume = {51},
	Year = {1995}}

@article{connor1988,
	Author = {Gregory Connor and Robert A. Korajczyk},
	Date-Added = {2017-09-23 15:20:42 +0000},
	Date-Modified = {2017-09-23 15:21:59 +0000},
	Journal = {Journal of financial economics},
	Pages = {255--289},
	Title = {Risk and return in equilibrium APT: Application of a new test methodology},
	Volume = {21},
	Year = {1988}}

@article{connor1986,
	Author = {Gregory Connor and Robert A. Korajczyk},
	Date-Added = {2017-09-23 15:17:17 +0000},
	Date-Modified = {2017-09-23 15:19:10 +0000},
	Journal = {Journal of financial economics},
	Pages = {373--394},
	Title = {Performance measurement with the arbitrage pricing theory: A new framework for analysis},
	Volume = {15},
	Year = {1986}}

@inproceedings{stein1956,
	Address = {Berkeley, California},
	Author = {Stein, Charles and others},
	Booktitle = {Proceedings of the Third Berkeley symposium on mathematical statistics and probability},
	Date-Modified = {2017-10-26 04:24:04 +0000},
	Pages = {197--206},
	Publisher = {University of California Press},
	Title = {Inadmissibility of the usual estimator for the mean of a multivariate normal distribution},
	Volume = {1},
	Year = {1956}}

@article{hall2005,
	Author = {Hall, Peter and Marron, JS and Neeman, Amnon},
	Journal = {Journal of the Royal Statistical Society: Series B (Statistical Methodology)},
	Number = {3},
	Pages = {427--444},
	Publisher = {Wiley Online Library},
	Title = {Geometric representation of high dimension, low sample size data},
	Volume = {67},
	Year = {2005}}

@article{marcenko1967,
	Author = {Mar{\v{c}}enko, Vladimir A and Pastur, Leonid Andreevich},
	Journal = {Mathematics of the USSR-Sbornik},
	Number = {4},
	Pages = {457},
	Publisher = {IOP Publishing},
	Title = {Distribution of eigenvalues for some sets of random matrices},
	Volume = {1},
	Year = {1967}}

@article{el2010,
	Author = {El Karoui, Noureddine and others},
	Journal = {The Annals of Statistics},
	Number = {6},
	Pages = {3487--3566},
	Publisher = {Institute of Mathematical Statistics},
	Title = {High-dimensionality effects in the Markowitz problem and other quadratic programs with linear constraints: risk underestimation},
	Volume = {38},
	Year = {2010}}

@article{el2009,
	Author = {El Karoui, Noureddine and others},
	Journal = {The Annals of Applied Probability},
	Number = {6},
	Pages = {2362--2405},
	Publisher = {Institute of Mathematical Statistics},
	Title = {Concentration of measure and spectra of random matrices: applications to correlation matrices, elliptical distributions and beyond},
	Volume = {19},
	Year = {2009}}

@article{trzcinka1986,
	Author = {Trzcinka, Charles},
	Journal = {the Journal of Finance},
	Number = {2},
	Pages = {347--368},
	Publisher = {Wiley Online Library},
	Title = {On the number of factors in the arbitrage pricing model},
	Volume = {41},
	Year = {1986}}

@article{bickel2008a,
	Author = {Bickel, Peter J and Levina, Elizaveta},
	Journal = {The Annals of Statistics},
	Pages = {2577--2604},
	Publisher = {JSTOR},
	Title = {Covariance regularization by thresholding},
	Year = {2008}}

@article{britten1999,
	Author = {Britten-Jones, Mark},
	Journal = {The Journal of Finance},
	Number = {2},
	Pages = {655--671},
	Publisher = {Wiley Online Library},
	Title = {The Sampling Error in Estimates of Mean-Variance Efficient Portfolio Weights},
	Volume = {54},
	Year = {1999}}

@article{jobson1980,
	Author = {Jobson, J David and Korkie, Bob},
	Journal = {Journal of the American Statistical Association},
	Number = {371},
	Pages = {544--554},
	Publisher = {Taylor \& Francis Group},
	Title = {Estimation for Markowitz efficient portfolios},
	Volume = {75},
	Year = {1980}}

@article{bickel2008b,
	Author = {Bickel, Peter J and Levina, Elizaveta},
	Journal = {The Annals of Statistics},
	Pages = {199--227},
	Publisher = {JSTOR},
	Title = {Regularized estimation of large covariance matrices},
	Year = {2008}}

@article{el2013,
	Author = {{El Karoui}, Noureddine},
	Date-Modified = {2017-10-26 04:20:11 +0000},
	Journal = {SIAM Journal on Financial Mathematics},
	Number = {1},
	Pages = {737--783},
	Publisher = {SIAM},
	Title = {On the realized risk of high-dimensional Markowitz portfolios},
	Volume = {4},
	Year = {2013}}

@article{bai1999,
	Author = {Bai, Zhidong D},
	Journal = {Statistica Sinica},
	Pages = {611--662},
	Publisher = {JSTOR},
	Title = {Methodologies in spectral analysis of large dimensional random matrices, a review},
	Year = {1999}}

@article{shen2016,
	Author = {Dan Shen and Haipeng Shen and Hongtu Zhu and Steve Marron},
	Date-Added = {2017-09-17 16:08:39 +0000},
	Date-Modified = {2017-09-17 16:13:19 +0000},
	Journal = {Statistica Sinica},
	Number = {4},
	Pages = {1747--1770},
	Title = {The statistics and mathematics of high dimensional low sample size asympotics},
	Volume = {26},
	Year = {2016}}

@article{onatski2012,
	Author = {Onatski, Alexei},
	Journal = {Journal of Econometrics},
	Number = {2},
	Pages = {244--258},
	Publisher = {Elsevier},
	Title = {Asymptotics of the principal components estimator of large factor models with weakly influential factors},
	Volume = {168},
	Year = {2012}}

@article{bai2008,
	Author = {Bai, Jushan and Ng, Serena},
	Journal = {Foundations and Trends{\textregistered} in Econometrics},
	Number = {2},
	Pages = {89--163},
	Publisher = {Now Publishers, Inc.},
	Title = {Large dimensional factor analysis},
	Volume = {3},
	Year = {2008}}

@article{wang2017,
	Author = {Weichen Wang and Jianqing Fan},
	Date-Added = {2017-09-17 15:58:17 +0000},
	Date-Modified = {2017-09-17 16:00:16 +0000},
	Journal = {The Annals of Statistics},
	Number = {3},
	Pages = {1342--1374},
	Title = {Asymptotics of empirical eigenstructure for high dimensional spiked covariance},
	Volume = {45},
	Year = {2017}}

@article{markowitz1952,
	Author = {Harry Markowitz},
	Date-Added = {2017-09-09 14:49:31 +0000},
	Date-Modified = {2017-11-02 09:35:37 +0000},
	Journal = {The Journal of Finance},
	Number = {1},
	Pages = {77--91},
	Rating = {5},
	Read = {1},
	Title = {Portfolio Selection},
	Volume = {7},
	Year = {1952}}

@article{clarke2011,
	Author = {R. Clarke and R. {De Silva} and S. Thorley},
	Journal = {Journal of Portfolio Management},
	Number = {37},
	Pages = {31--45},
	Title = {Minimum-variance portfolio composition},
	Volume = {2},
	Year = {2011}}

@article{harding2008,
	Author = {M.C. Harding},
	Journal = {Economic Letters},
	Number = {37},
	Pages = {85--88},
	Title = {Explaining the single factor bias of arbitrage pricing models in finite samples},
	Volume = {99},
	Year = {2011}}

@article{bianconi2001,
	Author = {G. Bianconi and A.L. Barabasi},
	Date-Added = {2017-07-22 16:16:10 +0000},
	Date-Modified = {2017-07-22 16:17:56 +0000},
	Journal = {Europhysics Letters},
	Number = {4},
	Pages = {436--442},
	Title = {Competition and multiscaling in evolving networks},
	Volume = {54},
	Year = {2001}}

@techreport{gem2012,
	Author = {Andrei Morozov and Jun Wang and Borda Laszlo and Jose Menchero},
	Date-Added = {2017-07-22 15:18:18 +0000},
	Date-Modified = {2017-07-22 15:20:02 +0000},
	Institution = {MSCI},
	Title = {The Barra Global Equity Model (GEM3)},
	Year = {2012}}

@article{jagannathan2003,
	Author = {Ravi Jagannathan and Tongshu Ma},
	Date-Added = {2017-07-22 14:42:11 +0000},
	Date-Modified = {2017-07-22 14:44:20 +0000},
	Journal = {The Journal of Finance},
	Number = {4},
	Pages = {1651--1683},
	Title = {Risk Reduction in Large Portfolios: Why Imposing the Wrong Constraints Helps},
	Volume = {58},
	Year = {2003},
	Bdsk-File-1 = {YnBsaXN0MDDUAQIDBAUGJCVYJHZlcnNpb25YJG9iamVjdHNZJGFyY2hpdmVyVCR0b3ASAAGGoKgHCBMUFRYaIVUkbnVsbNMJCgsMDxJXTlMua2V5c1pOUy5vYmplY3RzViRjbGFzc6INDoACgAOiEBGABIAFgAdccmVsYXRpdmVQYXRoWWFsaWFzRGF0YV8QPy4uLy4uL0RvY3VtZW50cy9hcnRpY2xlcy9vcHRpbWl6YXRpb24vamFnYW5uYXRoYW4tbWEtMjAwMy0xLnBkZtIXCxgZV05TLmRhdGFPEQHeAAAAAAHeAAIAAAxNYWNpbnRvc2ggSEQAAAAAAAAAAAAAAAAAAADVjxIYSCsAAAAO2OsZamFnYW5uYXRoYW4tbWEtMjAwMy0xLnBkZgAAAAAAAAAAAAAAAAAAAAAAAAAAAAAAAAAAAAAAAAAAAAAAAAAAAA7Y+9VsO0VQREYgQ0FSTwACAAQAAAkgAAAAAAAAAAAAAAAAAAAADG9wdGltaXphdGlvbgAQAAgAANWPdIgAAAARAAgAANVsnbUAAAABABQADtjrAA7PVgANnI0ADZptAAZpuAACAFVNYWNpbnRvc2ggSEQ6VXNlcnM6AGxyZzoARG9jdW1lbnRzOgBhcnRpY2xlczoAb3B0aW1pemF0aW9uOgBqYWdhbm5hdGhhbi1tYS0yMDAzLTEucGRmAAAOADQAGQBqAGEAZwBhAG4AbgBhAHQAaABhAG4ALQBtAGEALQAyADAAMAAzAC0AMQAuAHAAZABmAA8AGgAMAE0AYQBjAGkAbgB0AG8AcwBoACAASABEABIAQ1VzZXJzL2xyZy9Eb2N1bWVudHMvYXJ0aWNsZXMvb3B0aW1pemF0aW9uL2phZ2FubmF0aGFuLW1hLTIwMDMtMS5wZGYAABMAAS8AABUAAgAK//8AAIAG0hscHR5aJGNsYXNzbmFtZVgkY2xhc3Nlc11OU011dGFibGVEYXRhox0fIFZOU0RhdGFYTlNPYmplY3TSGxwiI1xOU0RpY3Rpb25hcnmiIiBfEA9OU0tleWVkQXJjaGl2ZXLRJidUcm9vdIABAAgAEQAaACMALQAyADcAQABGAE0AVQBgAGcAagBsAG4AcQBzAHUAdwCEAI4A0ADVAN0CvwLBAsYC0QLaAugC7ALzAvwDAQMOAxEDIwMmAysAAAAAAAACAQAAAAAAAAAoAAAAAAAAAAAAAAAAAAADLQ==}}

@article{green1992,
	Author = {Richard C. Green and Burton Hollifield},
	Date-Added = {2017-07-22 14:36:18 +0000},
	Date-Modified = {2017-07-22 14:38:54 +0000},
	Journal = {The Journal of Finance},
	Number = {5},
	Pages = {1785--1809},
	Read = {1},
	Title = {When Will Mean-Variance Efficient Portfolios Be Well Diversified?},
	Volume = {47},
	Year = {1992},
	Bdsk-File-1 = {YnBsaXN0MDDUAQIDBAUGJCVYJHZlcnNpb25YJG9iamVjdHNZJGFyY2hpdmVyVCR0b3ASAAGGoKgHCBMUFRYaIVUkbnVsbNMJCgsMDxJXTlMua2V5c1pOUy5vYmplY3RzViRjbGFzc6INDoACgAOiEBGABIAFgAdccmVsYXRpdmVQYXRoWWFsaWFzRGF0YV8QRC4uLy4uL0RvY3VtZW50cy9hcnRpY2xlcy9lcXVpdHkgc3R5bGVzL21pbnZhci9ncmVlbi1ob2xsaWZpZWxkLTEucGRm0hcLGBlXTlMuZGF0YU8RAeAAAAAAAeAAAgAADE1hY2ludG9zaCBIRAAAAAAAAAAAAAAAAAAAANWPEhhIKwAAAA7TRBZncmVlbi1ob2xsaWZpZWxkLTEucGRmAAAAAAAAAAAAAAAAAAAAAAAAAAAAAAAAAAAAAAAAAAAAAAAAAAAAAAAADtNQ033cxgAAAAAAAAAAAAIABQAACSAAAAAAAAAAAAAAAAAAAAAGbWludmFyABAACAAA1Y90iAAAABEACAAA034/NgAAAAEAGAAO00QADtLjAA7PVgANnI0ADZptAAZpuAACAFtNYWNpbnRvc2ggSEQ6VXNlcnM6AGxyZzoARG9jdW1lbnRzOgBhcnRpY2xlczoAZXF1aXR5IHN0eWxlczoAbWludmFyOgBncmVlbi1ob2xsaWZpZWxkLTEucGRmAAAOAC4AFgBnAHIAZQBlAG4ALQBoAG8AbABsAGkAZgBpAGUAbABkAC0AMQAuAHAAZABmAA8AGgAMAE0AYQBjAGkAbgB0AG8AcwBoACAASABEABIASFVzZXJzL2xyZy9Eb2N1bWVudHMvYXJ0aWNsZXMvZXF1aXR5IHN0eWxlcy9taW52YXIvZ3JlZW4taG9sbGlmaWVsZC0xLnBkZgATAAEvAAAVAAIACv//AACABtIbHB0eWiRjbGFzc25hbWVYJGNsYXNzZXNdTlNNdXRhYmxlRGF0YaMdHyBWTlNEYXRhWE5TT2JqZWN00hscIiNcTlNEaWN0aW9uYXJ5oiIgXxAPTlNLZXllZEFyY2hpdmVy0SYnVHJvb3SAAQAIABEAGgAjAC0AMgA3AEAARgBNAFUAYABnAGoAbABuAHEAcwB1AHcAhACOANUA2gDiAsYCyALNAtgC4QLvAvMC+gMDAwgDFQMYAyoDLQMyAAAAAAAAAgEAAAAAAAAAKAAAAAAAAAAAAAAAAAAAAzQ=}}

@article{bender2009,
	Author = {Bender, Jennifer and Lee, Jyh-Huei and Stefek, Dan and Yao, Jay},
	Publisher = {Citeseer},
	Title = {Forecast Risk Bias in Optimized Portfolios},
	Year = {2009}}

@article{miller2006,
	Author = {Miller, Guy},
	Journal = {Journal of Portfolio Management},
	Number = {2},
	Pages = {25},
	Publisher = {Euromoney Institutional Investor PLC},
	Title = {Needles, haystacks, and hidden factors},
	Volume = {32},
	Year = {2006}}

@article{bianchi2017,
	Author = {Bianchi, Stephen W. and Goldberg, Lisa R. and Rosenberg, Allan},
	Date-Modified = {2017-10-29 16:12:11 +0000},
	Journal = {The Journal of Portfolio Management},
	Number = {5},
	Pages = {145--156},
	Title = {The Impact of Estimation Error on Latent Factor Models of Portfolio Risk},
	Volume = {43},
	Year = {2017}}

@article{knutson2001,
	Author = {Knutson, Allen and Tao, Terence},
	Journal = {Notices Amer. Math. Soc},
	Number = {2},
	Title = {Honeycombs and sums of Hermitian matrices},
	Volume = {48},
	Year = {2001}}

@techreport{fan2014,
	Author = {Fan, Jianqing and Han, Fang and Liu, Han},
	Institution = {Technical report, Princeton University},
	Title = {PAGE: Robust pattern guided estimation of large covariance matrix},
	Year = {2014}}

@article{agarwal2012,
	Author = {Agarwal, Alekh and Negahban, Sahand and Wainwright, Martin J and others},
	Journal = {The Annals of Statistics},
	Number = {2},
	Pages = {1171--1197},
	Publisher = {Institute of Mathematical Statistics},
	Title = {Noisy matrix decomposition via convex relaxation: Optimal rates in high dimensions},
	Volume = {40},
	Year = {2012},
	Bdsk-File-1 = {YnBsaXN0MDDUAQIDBAUGJCVYJHZlcnNpb25YJG9iamVjdHNZJGFyY2hpdmVyVCR0b3ASAAGGoKgHCBMUFRYaIVUkbnVsbNMJCgsMDxJXTlMua2V5c1pOUy5vYmplY3RzViRjbGFzc6INDoACgAOiEBGABIAFgAdccmVsYXRpdmVQYXRoWWFsaWFzRGF0YV8QNC4uLy4uL0RvY3VtZW50cy9hcnRpY2xlcy9tYXJrb3dpdHovbWFya293aXR6MTk1Mi5wZGbSFwsYGVdOUy5kYXRhTxEBtAAAAAABtAACAAAMTWFjaW50b3NoIEhEAAAAAAAAAAAAAAAAAAAA1Y8SGEgrAAAADtebEW1hcmtvd2l0ejE5NTIucGRmAAAAAAAAAAAAAAAAAAAAAAAAAAAAAAAAAAAAAAAAAAAAAAAAAAAAAAAAAAAAAAAO1+HJmB/eAAAAAAAAAAAAAgAEAAAJIAAAAAAAAAAAAAAAAAAAAAltYXJrb3dpdHoAABAACAAA1Y90iAAAABEACAAAyZiQXgAAAAEAFAAO15sADs9WAA2cjQANmm0ABmm4AAIASk1hY2ludG9zaCBIRDpVc2VyczoAbHJnOgBEb2N1bWVudHM6AGFydGljbGVzOgBtYXJrb3dpdHo6AG1hcmtvd2l0ejE5NTIucGRmAA4AJAARAG0AYQByAGsAbwB3AGkAdAB6ADEAOQA1ADIALgBwAGQAZgAPABoADABNAGEAYwBpAG4AdABvAHMAaAAgAEgARAASADhVc2Vycy9scmcvRG9jdW1lbnRzL2FydGljbGVzL21hcmtvd2l0ei9tYXJrb3dpdHoxOTUyLnBkZgATAAEvAAAVAAIACv//AACABtIbHB0eWiRjbGFzc25hbWVYJGNsYXNzZXNdTlNNdXRhYmxlRGF0YaMdHyBWTlNEYXRhWE5TT2JqZWN00hscIiNcTlNEaWN0aW9uYXJ5oiIgXxAPTlNLZXllZEFyY2hpdmVy0SYnVHJvb3SAAQAIABEAGgAjAC0AMgA3AEAARgBNAFUAYABnAGoAbABuAHEAcwB1AHcAhACOAMUAygDSAooCjAKRApwCpQKzArcCvgLHAswC2QLcAu4C8QL2AAAAAAAAAgEAAAAAAAAAKAAAAAAAAAAAAAAAAAAAAvg=}}

@article{candes2011,
	Author = {Cand{\`e}s, Emmanuel J and Li, Xiaodong and Ma, Yi and Wright, John},
	Journal = {Journal of the ACM (JACM)},
	Number = {3},
	Pages = {11},
	Publisher = {ACM},
	Title = {Robust principal component analysis?},
	Volume = {58},
	Year = {2011}}

@article{chandrasekaran2011,
	Author = {Chandrasekaran, Venkat and Sanghavi, Sujay and Parrilo, Pablo A and Willsky, Alan S},
	Journal = {SIAM Journal on Optimization},
	Number = {2},
	Pages = {572--596},
	Publisher = {SIAM},
	Title = {Rank-sparsity incoherence for matrix decomposition},
	Volume = {21},
	Year = {2011}}

@article{fischler1981,
	Author = {Fischler, Martin A and Bolles, Robert C},
	Journal = {Communications of the ACM},
	Number = {6},
	Pages = {381--395},
	Publisher = {ACM},
	Title = {Random sample consensus: a paradigm for model fitting with applications to image analysis and automated cartography},
	Volume = {24},
	Year = {1981}}

@article{gnanadesikan1972,
	Author = {Gnanadesikan, Ramanathan and Kettenring, John R},
	Journal = {Biometrics},
	Pages = {81--124},
	Publisher = {JSTOR},
	Title = {Robust estimates, residuals, and outlier detection with multiresponse data},
	Year = {1972}}

@article{huber1981,
	Author = {Huber, Peter J},
	Journal = {Robust Statistics},
	Pages = {309--312},
	Publisher = {Wiley Online Library},
	Title = {Wiley series in probability and mathematics statistics},
	Year = {1981}}

@article{chandrasekaran2012,
	Author = {Chandrasekaran, Venkat and Parrilo, Pablo A and Willsky, Alan S},
	Journal = {The Annals of Statistics (with discussion)},
	Number = {4},
	Pages = {1935--1967},
	Title = {Latent variable graphical model selection via convex optimization},
	Volume = {40},
	Year = {2012}}

@article{luo2013,
	Author = {Luo, Xi},
	Journal = {arXiv preprint arXiv:1111.1133},
	Title = {Recovering model structures from large low rank and sparse covariance matrix estimation},
	Year = {2013}}

@article{han2016,
	Author = {Han, Fang and Xu, Sheng and Liu, Han},
	Journal = {Preprint},
	Title = {Rate optimal estimation of high dimensional time series},
	Year = {2016}}

@article{karoui2008,
	Author = {El Karoui, Noureddine El},
	Date-Modified = {2017-10-26 04:17:05 +0000},
	Journal = {The Annals of Statistics},
	Pages = {2757--2790},
	Publisher = {JSTOR},
	Title = {Spectrum estimation for large dimensional covariance matrices using random matrix theory},
	Year = {2008}}

@article{bickel2008,
	Author = {Bickel, Peter J and Levina, Elizaveta},
	Journal = {The Annals of Statistics},
	Pages = {2577--2604},
	Publisher = {JSTOR},
	Title = {Covariance regularization by thresholding},
	Year = {2008}}

@inproceedings{ke2005,
	Author = {Ke, Qifa and Kanade, Takeo},
	Booktitle = {Computer Vision and Pattern Recognition, 2005. CVPR 2005. IEEE Computer Society Conference on},
	Organization = {IEEE},
	Pages = {739--746},
	Title = {Robust L 1 norm factorization in the presence of outliers and missing data by alternative convex programming},
	Volume = {1},
	Year = {2005}}

@article{de2003,
	Author = {De La Torre, Fernando and Black, Michael J},
	Journal = {International Journal of Computer Vision},
	Number = {1-3},
	Pages = {117--142},
	Publisher = {Springer},
	Title = {A framework for robust subspace learning},
	Volume = {54},
	Year = {2003}}

@article{joreskog1967,
	Author = {J{\"o}reskog, Karl G},
	Journal = {ETS Research Bulletin Series},
	Number = {2},
	Pages = {183--202},
	Publisher = {Wiley Online Library},
	Title = {A general approach to confirmatory maximum likelihood factor analysis},
	Volume = {1967},
	Year = {1967}}

@article{rubin1982,
	Author = {Rubin, Donald B and Thayer, Dorothy T},
	Journal = {Psychometrika},
	Number = {1},
	Pages = {69--76},
	Publisher = {Springer},
	Title = {EM algorithms for ML factor analysis},
	Volume = {47},
	Year = {1982}}

@article{rubin1983,
	Author = {Rubin, Donald B and Thayer, Dorothy T},
	Journal = {Psychometrika},
	Number = {2},
	Pages = {253--257},
	Publisher = {Springer},
	Title = {More on EM for ML factor analysis},
	Volume = {48},
	Year = {1983}}

@article{bentler1983,
	Author = {Bentler, Peter M and Tanaka, Jeffrey S},
	Journal = {Psychometrika},
	Number = {2},
	Pages = {247--251},
	Publisher = {Springer},
	Title = {Problems with EM algorithms for ML factor analysis},
	Volume = {48},
	Year = {1983}}

@article{petersen2008,
	Author = {Kaare Brandt Petersen and Michael Syskind Pedersen},
	Journal = {Technical University of Denmark},
	Pages = {15},
	Title = {The matrix cookbook},
	Volume = {7},
	Year = {2008}}

@book{horn2012,
	Author = {Horn, Roger A and Johnson, Charles R},
	Publisher = {Cambridge university press},
	Title = {Matrix analysis},
	Year = {2012}}

@article{shapiro1982,
	Author = {Shapiro, Alexander},
	Journal = {Psychometrika},
	Number = {2},
	Pages = {187--199},
	Publisher = {Springer},
	Title = {Rank-reducibility of a symmetric matrix and sampling theory of minimum trace factor analysis},
	Volume = {47},
	Year = {1982}}

@article{shapiro1985,
	Author = {Shapiro, Alexander},
	Journal = {Linear Algebra and its Applications},
	Pages = {1--7},
	Publisher = {Elsevier},
	Title = {Identifiability of factor analysis: Some results and open problems},
	Volume = {70},
	Year = {1985}}

@article{shapiro2002,
	Author = {Shapiro, Alexander and Ten Berge, Jos MF},
	Journal = {Psychometrika},
	Number = {1},
	Pages = {79--94},
	Publisher = {Springer},
	Title = {Statistical inference of minimum rank factor analysis},
	Volume = {67},
	Year = {2002}}

@article{chamberlain1983,
	Author = {Chamberlain, Gary and Rothschild, Michael},
	Date-Modified = {2017-10-01 15:28:59 +0000},
	Journal = {Econometrica},
	Number = {5},
	Pages = {1281--1304},
	Title = {Arbitrage, factor structure, and mean-variance analysis on large asset markets},
	Volume = {51},
	Year = {1983}}

@article{witten2009,
	Author = {Witten, Daniela M and Tibshirani, Robert and Hastie, Trevor},
	Journal = {Biometrika},
	Pages = {515--534},
	Publisher = {Biometrika Trust},
	Title = {A penalized matrix decomposition, with applications to sparse principal components and canonical correlation analysis},
	Year = {2009}}

@article{dempster1972,
	Author = {Dempster, Arthur P},
	Journal = {Biometrics},
	Pages = {157--175},
	Publisher = {JSTOR},
	Title = {Covariance selection},
	Year = {1972}}

@article{jolliffe2003,
	Author = {Jolliffe, Ian T and Trendafilov, Nickolay T and Uddin, Mudassir},
	Journal = {Journal of computational and Graphical Statistics},
	Number = {3},
	Pages = {531--547},
	Publisher = {Taylor \& Francis},
	Title = {A modified principal component technique based on the LASSO},
	Volume = {12},
	Year = {2003}}

@article{zou2006,
	Author = {Zou, Hui and Hastie, Trevor and Tibshirani, Robert},
	Journal = {Journal of computational and graphical statistics},
	Number = {2},
	Pages = {265--286},
	Publisher = {Taylor \& Francis},
	Title = {Sparse principal component analysis},
	Volume = {15},
	Year = {2006}}

@book{jolliffe2002,
	Author = {Jolliffe, Ian},
	Publisher = {Wiley Online Library},
	Title = {Principal component analysis},
	Year = {2002}}

@article{saunderson2012,
	Author = {Saunderson, James and Chandrasekaran, Venkat and Parrilo, Pablo A and Willsky, Alan S},
	Journal = {SIAM Journal on Matrix Analysis and Applications},
	Number = {4},
	Pages = {1395--1416},
	Publisher = {SIAM},
	Title = {Diagonal and low-rank matrix decompositions, correlation matrices, and ellipsoid fitting},
	Volume = {33},
	Year = {2012}}

@inproceedings{chandrasekaran2010,
	Author = {Chandrasekaran, Venkat and Parrilo, Pablo A and Willsky, Alan S},
	Booktitle = {Communication, Control, and Computing (Allerton), 2010 48th Annual Allerton Conference on},
	Organization = {IEEE},
	Pages = {1610--1613},
	Title = {Latent variable graphical model selection via convex optimization},
	Year = {2010}}

@article{ma2013,
	Author = {Ma, Shiqian and Xue, Lingzhou and Zou, Hui},
	Journal = {Neural computation},
	Number = {8},
	Pages = {2172--2198},
	Publisher = {MIT Press},
	Title = {Alternating direction methods for latent variable Gaussian graphical model selection},
	Volume = {25},
	Year = {2013}}

@article{candes2009,
	Author = {Cand{\`e}s, Emmanuel J and Recht, Benjamin},
	Journal = {Foundations of Computational mathematics},
	Number = {6},
	Pages = {717--772},
	Publisher = {Springer},
	Title = {Exact matrix completion via convex optimization},
	Volume = {9},
	Year = {2009}}

@article{wilson1939,
	Author = {Wilson, Edwin B and Worcester, Jane},
	Journal = {Proceedings of the National Academy of Sciences of the United States of America},
	Number = {2},
	Pages = {73},
	Publisher = {National Academy of Sciences},
	Title = {The resolution of six tests into three general factors},
	Volume = {25},
	Year = {1939}}

@book{anderson1968,
	Author = {TW (Theodore Wilbur) Anderson},
	Publisher = {John Wiley \& Sons},
	Title = {An introduction to multivariate statistical analysis},
	Year = {2003}}

@article{drton2007,
	Author = {Drton, Mathias and Sturmfels, Bernd and Sullivant, Seth},
	Journal = {Probability Theory and Related Fields},
	Number = {3-4},
	Pages = {463--493},
	Publisher = {Springer},
	Title = {Algebraic factor analysis: tetrads, pentads and beyond},
	Volume = {138},
	Year = {2007}}

@article{rosenberg1984,
	Author = {Rosenberg, Barr},
	Journal = {The Journal of Portfolio Management},
	Number = {1},
	Pages = {44--53},
	Publisher = {Institutional Investor Journals},
	Title = {Prediction of common stock investment risk},
	Volume = {11},
	Year = {1984}}

@article{rosenberg1985,
	Author = {Rosenberg, Barr},
	Journal = {The Journal of Portfolio Management},
	Number = {2},
	Pages = {5--14},
	Publisher = {Institutional Investor Journals},
	Title = {Prediction of common stock betas},
	Volume = {11},
	Year = {1985}}

@article{ross1976,
	Author = {Ross, Stephen A},
	Journal = {Journal of economic theory},
	Number = {3},
	Pages = {341--360},
	Publisher = {Elsevier},
	Title = {The arbitrage theory of capital asset pricing},
	Volume = {13},
	Year = {1976}}

@unpublished{treynor1962,
	Author = {Jack L Treynor},
	Note = {Presented to the MIT Finance Faculty Seminar},
	Title = {Toward a theory of market value of risky assets},
	Year = {1962}}

@article{sharpe1964,
	Author = {Sharpe, William F},
	Date-Modified = {2017-09-24 21:53:04 +0000},
	Journal = {The Journal of Finance},
	Number = {3},
	Pages = {425--442},
	Publisher = {Wiley Online Library},
	Title = {Capital asset prices: A theory of market equilibrium under conditions of risk},
	Volume = {19},
	Year = {1964}}

@article{bjorck1973,
	Author = {Bj{\"o}rck, {\.A}ke and Golub, Gene H},
	Journal = {Mathematics of computation},
	Number = {123},
	Pages = {579--594},
	Title = {Numerical methods for computing angles between linear subspaces},
	Volume = {27},
	Year = {1973}}

@book{gottwald2012,
	Author = {Gottwald, S},
	Publisher = {Springer Science \& Business Media},
	Title = {The VNR concise encyclopedia of mathematics},
	Year = {2012}}

@article{yata2012,
	Author = {Yata, Kazuyoshi and Aoshima, Makoto},
	Journal = {Journal of multivariate analysis},
	Number = {1},
	Pages = {193--215},
	Publisher = {Elsevier},
	Title = {Effective PCA for high-dimension, low-sample-size data with noise reduction via geometric representations},
	Volume = {105},
	Year = {2012}}

@article{connor2010,
	Author = {Connor, Gregory and Korajczyk, Robert A},
	Journal = {Handbook of portfolio construction},
	Pages = {401--418},
	Publisher = {Springer},
	Title = {Factor models in portfolio and asset pricing theory},
	Year = {2010}}

@book{lai2008,
	Author = {Lai, Tze Leung and Xing, Haipeng},
	Publisher = {Springer},
	Title = {Statistical models and methods for financial markets},
	Year = {2008}}

@article{lai2011,
	Author = {Lai, Tze Leung and Xing, Haipeng and Chen, Zehao},
	Journal = {The Annals of Applied Statistics},
	Pages = {798--823},
	Publisher = {JSTOR},
	Title = {Mean-variance portfolio optimization when means and covariances are unknown},
	Year = {2011}}

@book{michaud2008,
	Author = {Michaud, Richard O and Michaud, Robert O},
	Publisher = {Oxford University Press},
	Title = {Efficient asset management: a practical guide to stock portfolio optimization and asset allocation},
	Year = {2008}}

@article{paul2007,
	Author = {Paul, Debashis},
	Journal = {Statistica Sinica},
	Pages = {1617--1642},
	Publisher = {JSTOR},
	Title = {Asymptotics of sample eigenstructure for a large dimensional spiked covariance model},
	Year = {2007}}

@article{muller1959,
	Author = {Muller, Mervin E},
	Journal = {Communications of the ACM},
	Number = {4},
	Pages = {19--20},
	Publisher = {ACM},
	Title = {A note on a method for generating points uniformly on n-dimensional spheres},
	Volume = {2},
	Year = {1959}}
	
@book{dorfman1951,
series = {Publications of the Institute of Business and Economic Research, University of California},
publisher = {University of California Press},
year = {1951},
title = {Application of linear programming to the theory of the firm,},
language = {eng},
address = {Berkeley},
author = {Dorfman, Robert},
keywords = {Industrial management; Economics, Mathematical},
lccn = {51013711}
}


@incollection{cottle2010,
  title={Harry Markowitz and the Early History of Quadratic Programming},
  author={Cottle, Richard W and Infanger, Gerd},
  booktitle={Handbook of Portfolio Construction},
  pages={179--211},
  year={2010},
  publisher={Springer}
}

@article{markowitz1956,
  title={The optimization of a quadratic function subject to linear constraints},
  author={Markowitz, Harry},
  journal={Naval research logistics Quarterly},
  volume={3},
  number={1-2},
  pages={111--133},
  year={1956},
  publisher={Wiley Online Library}
}

@article{wolfe1959,
  title={The simplex method for quadratic programming},
  author={Wolfe, Philip},
  journal={Econometrica: Journal of the Econometric Society},
  pages={382--398},
  year={1959},
  publisher={JSTOR}
}

@book{markowitz1959,
  title={Portfolio selection: Efficient diversification of investments},
  author={Markowitz, Harry},
  volume={16},
  year={1959},
  publisher={John Wiley New York}
}

@article{sharpe1963,
  title={A simplified model for portfolio analysis},
  author={Sharpe, William F},
  journal={Management science},
  volume={9},
  number={2},
  pages={277--293},
  year={1963},
  publisher={INFORMS}
}