@article {clarke2011,
	author = {Clarke, Roger and de Silva, Harindra and Thorley, Steven},
	title = {Minimum-Variance Portfolio Composition},
	volume = {37},
	number = {2},
	pages = {31--45},
	year = {2011},
	doi = {10.3905/jpm.2011.37.2.031},
	publisher = {Institutional Investor Journals Umbrella},
	issn = {0095-4918},
	URL = {https://jpm.iijournals.com/content/37/2/31},
	eprint = {https://jpm.iijournals.com/content/37/2/31.full.pdf},
	journal = {The Journal of Portfolio Management}}
	
@article{jagannathan2003,
author = {Jagannathan, Ravi and Ma, Tongshu and Zhang, Jiaqi},
title = {A Note on “Risk Reduction in Large Portfolios: Why Imposing the Wrong Constraints Helps”},
journal = {The Journal of Finance},
volume = {74},
number = {5},
pages = {2689-2696},
doi = {10.1111/jofi.12824},
url = {https://onlinelibrary.wiley.com/doi/abs/10.1111/jofi.12824},
eprint = {https://onlinelibrary.wiley.com/doi/pdf/10.1111/jofi.12824},
abstract = {ABSTRACT This note corrects an error in the proof of Proposition 2 of “Risk Reduction in Large Portfolios: Why Imposing the Wrong Constraint Helps” that appeared in the Journal of Finance, August 2003.},
year = {2003}
}



@article{mw1,
	author = {Markowitz, Harry},
	title = {PORTFOLIO SELECTION*},
	journal = {The Journal of Finance},
	volume = {7},
	number = {1},
	pages = {77-91},
	doi = {10.1111/j.1540-6261.1952.tb01525.x},
	url = {https://onlinelibrary.wiley.com/doi/abs/10.1111/j.		 1540-6261.1952.tb01525.x},
	eprint = {https://onlinelibrary.wiley.com/doi/pdf/10.1111/j.	1540-6261.1952.tb01525.x},
	year = {1952}}

